%YAML 1.1
%TAG !u! tag:unity3d.com,2011:
--- !u!1 &452326204262563531
GameObject:
  m_ObjectHideFlags: 0
  m_CorrespondingSourceObject: {fileID: 0}
  m_PrefabInstance: {fileID: 0}
  m_PrefabAsset: {fileID: 0}
  serializedVersion: 6
  m_Component:
  - component: {fileID: 1865357937063974165}
  - component: {fileID: 4640093509128868515}
  - component: {fileID: 739889469063090991}
  m_Layer: 0
  m_Name: HolzbrettTreppeNeu.001
  m_TagString: Ground
  m_Icon: {fileID: 0}
  m_NavMeshLayer: 0
  m_StaticEditorFlags: 0
  m_IsActive: 1
--- !u!4 &1865357937063974165
Transform:
  m_ObjectHideFlags: 0
  m_CorrespondingSourceObject: {fileID: 0}
  m_PrefabInstance: {fileID: 0}
  m_PrefabAsset: {fileID: 0}
  m_GameObject: {fileID: 452326204262563531}
  m_LocalRotation: {x: 0, y: 0, z: 0, w: 1}
  m_LocalPosition: {x: 0, y: 0, z: 0}
  m_LocalScale: {x: 1, y: 1, z: 1}
  m_Children:
  - {fileID: 3476550599821770429}
  m_Father: {fileID: 0}
  m_RootOrder: 0
  m_LocalEulerAnglesHint: {x: 0, y: 0, z: 0}
--- !u!33 &4640093509128868515
MeshFilter:
  m_ObjectHideFlags: 0
  m_CorrespondingSourceObject: {fileID: 0}
  m_PrefabInstance: {fileID: 0}
  m_PrefabAsset: {fileID: 0}
  m_GameObject: {fileID: 452326204262563531}
  m_Mesh: {fileID: 7789271387264598790, guid: a9167ca5342830d6f9be0e7da6d0212e, type: 3}
--- !u!23 &739889469063090991
MeshRenderer:
  m_ObjectHideFlags: 0
  m_CorrespondingSourceObject: {fileID: 0}
  m_PrefabInstance: {fileID: 0}
  m_PrefabAsset: {fileID: 0}
  m_GameObject: {fileID: 452326204262563531}
  m_Enabled: 1
  m_CastShadows: 1
  m_ReceiveShadows: 1
  m_DynamicOccludee: 1
  m_MotionVectors: 1
  m_LightProbeUsage: 1
  m_ReflectionProbeUsage: 1
  m_RayTracingMode: 2
  m_RayTraceProcedural: 0
  m_RenderingLayerMask: 1
  m_RendererPriority: 0
  m_Materials:
  - {fileID: 2100000, guid: a7b8e9764eea2efe7ba946c768b6a94f, type: 2}
  m_StaticBatchInfo:
    firstSubMesh: 0
    subMeshCount: 0
  m_StaticBatchRoot: {fileID: 0}
  m_ProbeAnchor: {fileID: 0}
  m_LightProbeVolumeOverride: {fileID: 0}
  m_ScaleInLightmap: 1
  m_ReceiveGI: 1
  m_PreserveUVs: 0
  m_IgnoreNormalsForChartDetection: 0
  m_ImportantGI: 0
  m_StitchLightmapSeams: 1
  m_SelectedEditorRenderState: 3
  m_MinimumChartSize: 4
  m_AutoUVMaxDistance: 0.5
  m_AutoUVMaxAngle: 89
  m_LightmapParameters: {fileID: 0}
  m_SortingLayerID: 0
  m_SortingLayer: 0
  m_SortingOrder: 0
  m_AdditionalVertexStreams: {fileID: 0}
--- !u!64 &2098010751286459923
MeshCollider:
  m_ObjectHideFlags: 0
  m_CorrespondingSourceObject: {fileID: 0}
  m_PrefabInstance: {fileID: 0}
  m_PrefabAsset: {fileID: 0}
  m_GameObject: {fileID: 4284296489493881863}
  m_Material: {fileID: 0}
  m_IsTrigger: 0
  m_Enabled: 1
  serializedVersion: 4
  m_Convex: 1
  m_CookingOptions: 30
  m_Mesh: {fileID: 8454593516999849397, guid: ff44cefce2957c43bbdfdb3ae99673cb, type: 3}
--- !u!1001 &2460301337105529109
PrefabInstance:
  m_ObjectHideFlags: 0
  serializedVersion: 2
  m_Modification:
    m_TransformParent: {fileID: 1865357937063974165}
    m_Modifications:
    - target: {fileID: 1304794151960430504, guid: 4a5aec1d440610f3996b65de550d828e, type: 3}
      propertyPath: m_RootOrder
      value: 0
      objectReference: {fileID: 0}
    - target: {fileID: 1304794151960430504, guid: 4a5aec1d440610f3996b65de550d828e, type: 3}
      propertyPath: m_LocalScale.x
      value: 0.01
      objectReference: {fileID: 0}
    - target: {fileID: 1304794151960430504, guid: 4a5aec1d440610f3996b65de550d828e, type: 3}
      propertyPath: m_LocalScale.y
      value: 0.01
      objectReference: {fileID: 0}
    - target: {fileID: 1304794151960430504, guid: 4a5aec1d440610f3996b65de550d828e, type: 3}
      propertyPath: m_LocalScale.z
      value: 0.01
      objectReference: {fileID: 0}
    - target: {fileID: 1304794151960430504, guid: 4a5aec1d440610f3996b65de550d828e, type: 3}
      propertyPath: m_LocalPosition.x
      value: 0
      objectReference: {fileID: 0}
    - target: {fileID: 1304794151960430504, guid: 4a5aec1d440610f3996b65de550d828e, type: 3}
      propertyPath: m_LocalPosition.y
      value: -0
      objectReference: {fileID: 0}
    - target: {fileID: 1304794151960430504, guid: 4a5aec1d440610f3996b65de550d828e, type: 3}
      propertyPath: m_LocalPosition.z
      value: -0.0028
      objectReference: {fileID: 0}
    - target: {fileID: 1304794151960430504, guid: 4a5aec1d440610f3996b65de550d828e, type: 3}
      propertyPath: m_LocalRotation.w
      value: 0.68301284
      objectReference: {fileID: 0}
    - target: {fileID: 1304794151960430504, guid: 4a5aec1d440610f3996b65de550d828e, type: 3}
      propertyPath: m_LocalRotation.x
      value: 0.6830128
      objectReference: {fileID: 0}
    - target: {fileID: 1304794151960430504, guid: 4a5aec1d440610f3996b65de550d828e, type: 3}
      propertyPath: m_LocalRotation.y
      value: 0.18301237
      objectReference: {fileID: 0}
    - target: {fileID: 1304794151960430504, guid: 4a5aec1d440610f3996b65de550d828e, type: 3}
      propertyPath: m_LocalRotation.z
      value: 0.18301241
      objectReference: {fileID: 0}
    - target: {fileID: 1304794151960430504, guid: 4a5aec1d440610f3996b65de550d828e, type: 3}
      propertyPath: m_LocalEulerAnglesHint.x
      value: 60
      objectReference: {fileID: 0}
    - target: {fileID: 1304794151960430504, guid: 4a5aec1d440610f3996b65de550d828e, type: 3}
      propertyPath: m_LocalEulerAnglesHint.y
      value: 90
      objectReference: {fileID: 0}
    - target: {fileID: 1304794151960430504, guid: 4a5aec1d440610f3996b65de550d828e, type: 3}
      propertyPath: m_LocalEulerAnglesHint.z
      value: 90
      objectReference: {fileID: 0}
    - target: {fileID: 1824063344859651346, guid: 4a5aec1d440610f3996b65de550d828e, type: 3}
      propertyPath: m_Name
      value: TreppeCollider
      objectReference: {fileID: 0}
    - target: {fileID: 1824063344859651346, guid: 4a5aec1d440610f3996b65de550d828e, type: 3}
      propertyPath: m_TagString
      value: Ground
      objectReference: {fileID: 0}
    m_RemovedComponents:
    - {fileID: 166812967378369735, guid: 4a5aec1d440610f3996b65de550d828e, type: 3}
  m_SourcePrefab: {fileID: 100100000, guid: 4a5aec1d440610f3996b65de550d828e, type: 3}
--- !u!1 &4284296489493881863 stripped
GameObject:
  m_CorrespondingSourceObject: {fileID: 1824063344859651346, guid: 4a5aec1d440610f3996b65de550d828e, type: 3}
  m_PrefabInstance: {fileID: 2460301337105529109}
  m_PrefabAsset: {fileID: 0}
--- !u!4 &3476550599821770429 stripped
Transform:
  m_CorrespondingSourceObject: {fileID: 1304794151960430504, guid: 4a5aec1d440610f3996b65de550d828e, type: 3}
  m_PrefabInstance: {fileID: 2460301337105529109}
  m_PrefabAsset: {fileID: 0}
